<record><leader>00000cas a2200000 a 4500</leader><controlfield tag="001">37625129</controlfield><controlfield tag="008">970915d193819uunyuwr ne      0    0eng c</controlfield><datafield ind1=" " ind2=" " tag="010"><subfield code="a">sn 97063682 </subfield></datafield><datafield ind1=" " ind2=" " tag="040"><subfield code="a">NYS</subfield><subfield code="b">eng</subfield><subfield code="c">NYS</subfield><subfield code="d">OCLCQ</subfield><subfield code="d">OCLCO</subfield></datafield><datafield ind1="1" ind2=" " tag="029"><subfield code="a">AU@</subfield><subfield code="b">000013613152</subfield></datafield><datafield ind1=" " ind2=" " tag="042"><subfield code="a">pcc</subfield></datafield><datafield ind1=" " ind2=" " tag="043"><subfield code="a">n-us-ny</subfield></datafield><datafield ind1="0" ind2=" " tag="130"><subfield code="a">News-sun (Mineola, N.Y.)</subfield></datafield><datafield ind1="1" ind2="0" tag="245"><subfield code="a">News-sun.</subfield></datafield><datafield ind1="1" ind2="3" tag="246"><subfield code="a">Mineola news-sun</subfield></datafield><datafield ind1=" " ind2=" " tag="260"><subfield code="a">Mineola, N.Y. :</subfield><subfield code="b">Griscom-Woodyard Publications</subfield></datafield><datafield ind1=" " ind2=" " tag="300"><subfield code="a">v. :</subfield><subfield code="b">ill.</subfield></datafield><datafield ind1=" " ind2=" " tag="310"><subfield code="a">Weekly</subfield></datafield><datafield ind1="1" ind2=" " tag="362"><subfield code="a">Began in 1938.</subfield></datafield><datafield ind1=" " ind2=" " tag="500"><subfield code="a">Official newspaper for: Town of North Hempstead; Village of Williston Park, &lt;1939-1940&gt;.</subfield></datafield><datafield ind1=" " ind2=" " tag="500"><subfield code="a">Covering Mineola, Westbury and the Willistons.</subfield></datafield><datafield ind1=" " ind2=" " tag="588"><subfield code="a">Description based on: Vol. 43, no. 29 (May 26, 1939).</subfield></datafield><datafield ind1=" " ind2=" " tag="588"><subfield code="a">Latest issue consulted: Vol. 46, no. 38 (Jan. 1, 1943).</subfield></datafield><datafield ind1=" " ind2="0" tag="651"><subfield code="a">Mineola (N.Y.)</subfield><subfield code="v">Newspapers.</subfield></datafield><datafield ind1=" " ind2="0" tag="651"><subfield code="a">Westbury (N.Y.)</subfield><subfield code="v">Newspapers.</subfield></datafield><datafield ind1=" " ind2="0" tag="651"><subfield code="a">East Williston (N.Y.)</subfield><subfield code="v">Newspapers.</subfield></datafield><datafield ind1=" " ind2="0" tag="651"><subfield code="a">Williston Park (N.Y.)</subfield><subfield code="v">Newspapers.</subfield></datafield><datafield ind1=" " ind2="0" tag="651"><subfield code="a">North Hempstead (N.Y. : Town)</subfield><subfield code="v">Newspapers.</subfield></datafield><datafield ind1=" " ind2="0" tag="651"><subfield code="a">Nassau County (N.Y.)</subfield><subfield code="v">Newspapers.</subfield></datafield><datafield ind1="0" ind2="0" tag="780"><subfield code="t">Mineola news-sun</subfield><subfield code="w">(DLC)sn 97063681</subfield><subfield code="w">(OCoLC)37625068</subfield></datafield><datafield ind1="0" ind2="4" tag="785"><subfield code="t">Roslyn news</subfield><subfield code="w">(DLC)sn 95071389</subfield><subfield code="w">(OCoLC)33201722</subfield></datafield></record>